<record><leader>00000cas a22000007a 4500</leader><controlfield tag="001">9793235</controlfield><controlfield tag="008">830809d18761965nyuwr ne      0    0eng d</controlfield><controlfield tag="009">3781</controlfield><datafield ind1=" " ind2=" " tag="010"><subfield code="a">sn 83031134 </subfield></datafield><datafield ind1=" " ind2=" " tag="040"><subfield code="a">NPU</subfield><subfield code="b">eng</subfield><subfield code="c">NPU</subfield><subfield code="d">NPX</subfield><subfield code="d">NYS</subfield><subfield code="d">OCLCQ</subfield></datafield><datafield ind1="1" ind2=" " tag="029"><subfield code="a">AU@</subfield><subfield code="b">000025831038</subfield></datafield><datafield ind1=" " ind2=" " tag="042"><subfield code="a">msc</subfield></datafield><datafield ind1="0" ind2="4" tag="245"><subfield code="a">The Otsego journal.</subfield></datafield><datafield ind1=" " ind2=" " tag="260"><subfield code="a">Gilbertsville, N.Y. :</subfield><subfield code="b">James E. Marble</subfield></datafield><datafield ind1=" " ind2=" " tag="300"><subfield code="a">v. ;</subfield><subfield code="c">34-67 cm.</subfield></datafield><datafield ind1=" " ind2=" " tag="310"><subfield code="a">Weekly</subfield></datafield><datafield ind1="0" ind2=" " tag="362"><subfield code="a">Vol. 1, no. 1 (May 10, 1876)-v. 90, no. 39 (Sept. 30, 1965).</subfield></datafield><datafield ind1=" " ind2=" " tag="500"><subfield code="a">Publishers: James E. Marble, May 10-&lt;Aug. 30&gt;, 1876; William M. Deitz, &lt;Dec. 13, 1876-1928&gt;; Oscar H. Swenson, &lt;1941-1942&gt;; John A. Bacon, &lt;1964&gt;-1965.</subfield></datafield><datafield ind1=" " ind2=" " tag="500"><subfield code="a">Editor: James E. Marble, &lt;1876&gt;.</subfield></datafield><datafield ind1=" " ind2=" " tag="580"><subfield code="a">Merged with: South New Berlin bee; and Morris chronicle to form: Otsego-Chenango bee journal chronicle. Cf. Faibisoff, S.G. bibliography of newspapers in 14 N.Y. counties.</subfield></datafield><datafield ind1=" " ind2="4" tag="651"><subfield code="a">Gilbertsville (N.Y.)</subfield><subfield code="v">Newspapers.</subfield></datafield><datafield ind1=" " ind2=" " tag="752"><subfield code="a">United States</subfield><subfield code="b">New York</subfield><subfield code="c">Otsego</subfield><subfield code="d">Gilbertsville.</subfield></datafield><datafield ind1="1" ind2="7" tag="785"><subfield code="t">South New Berlin bee</subfield><subfield code="w">(DLC)sn 92061740</subfield></datafield><datafield ind1="1" ind2="7" tag="785"><subfield code="t">Morris chronicle</subfield><subfield code="w">(DLC)sn 85026436</subfield></datafield><datafield ind1="1" ind2="7" tag="785"><subfield code="t">Otsego-Chenango bee journal chronicle</subfield><subfield code="w">(DLC)sn 91066324</subfield></datafield></record>